@book{ABNT,
	address = "Rio de Janeiro - RJ",
	author = " ABNT",
	publisher = "ABNT",
	title = "{ASSOCIAÇÃO BRASILEIRA DE NORMAS TÉCNICAS, NBR 14724: informação e documentação:trabalhos acadêmicos:apresentação }",
	year = "2011"
}